%YAML 1.1
%TAG !u! tag:unity3d.com,2011:
--- !u!1 &3789648474996453285
GameObject:
  m_ObjectHideFlags: 0
  m_CorrespondingSourceObject: {fileID: 0}
  m_PrefabInstance: {fileID: 0}
  m_PrefabAsset: {fileID: 0}
  serializedVersion: 6
  m_Component:
  - component: {fileID: 7466820625675569660}
  - component: {fileID: 6495664793693785808}
  m_Layer: 0
  m_Name: Spot Light (1)
  m_TagString: Untagged
  m_Icon: {fileID: 0}
  m_NavMeshLayer: 0
  m_StaticEditorFlags: 0
  m_IsActive: 1
--- !u!4 &7466820625675569660
Transform:
  m_ObjectHideFlags: 0
  m_CorrespondingSourceObject: {fileID: 0}
  m_PrefabInstance: {fileID: 0}
  m_PrefabAsset: {fileID: 0}
  m_GameObject: {fileID: 3789648474996453285}
  m_LocalRotation: {x: -0.000000007450581, y: -0.9979898, z: -0.00000008940697, w: -0.06337643}
  m_LocalPosition: {x: -0.009599621, y: -0.0033757125, z: 0.06899099}
  m_LocalScale: {x: 0.005274546, y: 0.0052745417, z: 0.0052745435}
  m_Children: []
  m_Father: {fileID: 3840708088181410589}
  m_RootOrder: 1
  m_LocalEulerAnglesHint: {x: 97.267, y: -90, z: 89.99999}
--- !u!108 &6495664793693785808
Light:
  m_ObjectHideFlags: 0
  m_CorrespondingSourceObject: {fileID: 0}
  m_PrefabInstance: {fileID: 0}
  m_PrefabAsset: {fileID: 0}
  m_GameObject: {fileID: 3789648474996453285}
  m_Enabled: 1
  serializedVersion: 8
  m_Type: 0
  m_Color: {r: 1, g: 1, b: 1, a: 1}
  m_Intensity: 59.22
  m_Range: 13.64
  m_SpotAngle: 45.384792
  m_CookieSize: 10
  m_Shadows:
    m_Type: 0
    m_Resolution: -1
    m_CustomResolution: -1
    m_Strength: 1
    m_Bias: 0.05
    m_NormalBias: 0.4
    m_NearPlane: 0.2
  m_Cookie: {fileID: 0}
  m_DrawHalo: 0
  m_Flare: {fileID: 0}
  m_RenderMode: 0
  m_CullingMask:
    serializedVersion: 2
    m_Bits: 1024
  m_Lightmapping: 4
  m_LightShadowCasterMode: 0
  m_AreaSize: {x: 1, y: 1}
  m_BounceIntensity: 1
  m_ColorTemperature: 6570
  m_UseColorTemperature: 0
  m_ShadowRadius: 0
  m_ShadowAngle: 0
--- !u!1 &4611674717084103109
GameObject:
  m_ObjectHideFlags: 0
  m_CorrespondingSourceObject: {fileID: 0}
  m_PrefabInstance: {fileID: 0}
  m_PrefabAsset: {fileID: 0}
  serializedVersion: 6
  m_Component:
  - component: {fileID: 2186271634916958069}
  - component: {fileID: 3832183191506306486}
  m_Layer: 0
  m_Name: Spot Light
  m_TagString: Untagged
  m_Icon: {fileID: 0}
  m_NavMeshLayer: 0
  m_StaticEditorFlags: 0
  m_IsActive: 1
--- !u!4 &2186271634916958069
Transform:
  m_ObjectHideFlags: 0
  m_CorrespondingSourceObject: {fileID: 0}
  m_PrefabInstance: {fileID: 0}
  m_PrefabAsset: {fileID: 0}
  m_GameObject: {fileID: 4611674717084103109}
  m_LocalRotation: {x: -0.00000008940697, y: -0.18396845, z: -0.000000022351742, w: -0.9829322}
  m_LocalPosition: {x: -0.024737608, y: -0.0033756974, z: -0.04003376}
  m_LocalScale: {x: 0.0052745403, y: 0.0052745417, z: 0.005274541}
  m_Children: []
  m_Father: {fileID: 3840708088181410589}
  m_RootOrder: 0
  m_LocalEulerAnglesHint: {x: 248.798, y: -90, z: 89.99999}
--- !u!108 &3832183191506306486
Light:
  m_ObjectHideFlags: 0
  m_CorrespondingSourceObject: {fileID: 0}
  m_PrefabInstance: {fileID: 0}
  m_PrefabAsset: {fileID: 0}
  m_GameObject: {fileID: 4611674717084103109}
  m_Enabled: 1
  serializedVersion: 8
  m_Type: 0
  m_Color: {r: 1, g: 1, b: 1, a: 1}
  m_Intensity: 59.22
  m_Range: 13.64
  m_SpotAngle: 45.384792
  m_CookieSize: 10
  m_Shadows:
    m_Type: 0
    m_Resolution: -1
    m_CustomResolution: -1
    m_Strength: 1
    m_Bias: 0.05
    m_NormalBias: 0.4
    m_NearPlane: 0.2
  m_Cookie: {fileID: 0}
  m_DrawHalo: 0
  m_Flare: {fileID: 0}
  m_RenderMode: 0
  m_CullingMask:
    serializedVersion: 2
    m_Bits: 1024
  m_Lightmapping: 4
  m_LightShadowCasterMode: 0
  m_AreaSize: {x: 1, y: 1}
  m_BounceIntensity: 1
  m_ColorTemperature: 6570
  m_UseColorTemperature: 0
  m_ShadowRadius: 0
  m_ShadowAngle: 0
--- !u!1001 &3840708088181281181
PrefabInstance:
  m_ObjectHideFlags: 0
  serializedVersion: 2
  m_Modification:
    m_TransformParent: {fileID: 0}
    m_Modifications:
    - target: {fileID: 100000, guid: 2d6da51302de3eb448b822806c4521f2, type: 3}
      propertyPath: m_Name
      value: Alienegg3_low
      objectReference: {fileID: 0}
    - target: {fileID: 100000, guid: 2d6da51302de3eb448b822806c4521f2, type: 3}
      propertyPath: m_Layer
      value: 10
      objectReference: {fileID: 0}
    - target: {fileID: 400000, guid: 2d6da51302de3eb448b822806c4521f2, type: 3}
      propertyPath: m_LocalPosition.x
      value: 235.92
      objectReference: {fileID: 0}
    - target: {fileID: 400000, guid: 2d6da51302de3eb448b822806c4521f2, type: 3}
      propertyPath: m_LocalPosition.y
      value: -50.65
      objectReference: {fileID: 0}
    - target: {fileID: 400000, guid: 2d6da51302de3eb448b822806c4521f2, type: 3}
      propertyPath: m_LocalPosition.z
      value: 14.59
      objectReference: {fileID: 0}
    - target: {fileID: 400000, guid: 2d6da51302de3eb448b822806c4521f2, type: 3}
      propertyPath: m_LocalRotation.x
      value: -0.7071068
      objectReference: {fileID: 0}
    - target: {fileID: 400000, guid: 2d6da51302de3eb448b822806c4521f2, type: 3}
      propertyPath: m_LocalRotation.y
      value: 0
      objectReference: {fileID: 0}
    - target: {fileID: 400000, guid: 2d6da51302de3eb448b822806c4521f2, type: 3}
      propertyPath: m_LocalRotation.z
      value: -0
      objectReference: {fileID: 0}
    - target: {fileID: 400000, guid: 2d6da51302de3eb448b822806c4521f2, type: 3}
      propertyPath: m_LocalRotation.w
      value: 0.7071067
      objectReference: {fileID: 0}
    - target: {fileID: 400000, guid: 2d6da51302de3eb448b822806c4521f2, type: 3}
      propertyPath: m_RootOrder
      value: 0
      objectReference: {fileID: 0}
    - target: {fileID: 400000, guid: 2d6da51302de3eb448b822806c4521f2, type: 3}
      propertyPath: m_LocalEulerAnglesHint.x
      value: 0
      objectReference: {fileID: 0}
    - target: {fileID: 400000, guid: 2d6da51302de3eb448b822806c4521f2, type: 3}
      propertyPath: m_LocalEulerAnglesHint.y
      value: 0
      objectReference: {fileID: 0}
    - target: {fileID: 400000, guid: 2d6da51302de3eb448b822806c4521f2, type: 3}
      propertyPath: m_LocalEulerAnglesHint.z
      value: 0
      objectReference: {fileID: 0}
    - target: {fileID: 400000, guid: 2d6da51302de3eb448b822806c4521f2, type: 3}
      propertyPath: m_LocalScale.x
      value: 189.59
      objectReference: {fileID: 0}
    - target: {fileID: 400000, guid: 2d6da51302de3eb448b822806c4521f2, type: 3}
      propertyPath: m_LocalScale.y
      value: 189.59
      objectReference: {fileID: 0}
    - target: {fileID: 400000, guid: 2d6da51302de3eb448b822806c4521f2, type: 3}
      propertyPath: m_LocalScale.z
      value: 189.59
      objectReference: {fileID: 0}
    - target: {fileID: 2300000, guid: 2d6da51302de3eb448b822806c4521f2, type: 3}
      propertyPath: m_Materials.Array.data[0]
      value: 
      objectReference: {fileID: 2100000, guid: 26c552424929fbe4788c0cc1d5d1a917, type: 2}
    m_RemovedComponents: []
  m_SourcePrefab: {fileID: 100100000, guid: 2d6da51302de3eb448b822806c4521f2, type: 3}
--- !u!4 &3840708088181410589 stripped
Transform:
  m_CorrespondingSourceObject: {fileID: 400000, guid: 2d6da51302de3eb448b822806c4521f2,
    type: 3}
  m_PrefabInstance: {fileID: 3840708088181281181}
  m_PrefabAsset: {fileID: 0}
